@misc{IDS2017,
  title={Introduction to data science},
  author={K. Bunte, M.F. Lungu},
  journal={Data Science},
  year={2017},
  publisher={Rijkuniversiteit Groningen}
}

@misc{Rboxplot,
  title = {{tutorialspoint} boxplots},
  howpublished = {\url{https://www.tutorialspoint.com/r/r_boxplots.htm}},
  note = {Accessed: 2017-08-31}
}

@book{gelman2007data,
  title={Data analysis using regression and multilevelhierarchical models},
  author={Gelman, Andrew and Hill, Jennifer},
  volume={1},
  year={2007},
  publisher={Cambridge University Press New York, NY, USA}
}


@article{azur2011multiple,
  title={Multiple imputation by chained equations: what is it and how does it work?},
  author={Azur, Melissa J and Stuart, Elizabeth A and Frangakis, Constantine and Leaf, Philip J},
  journal={International journal of methods in psychiatric research},
  volume={20},
  number={1},
  pages={40--49},
  year={2011},
  publisher={Wiley Online Library}
}

@article{soley2013dealing,
  title={Dealing with missing data: Key assumptions and methods for applied analysis},
  author={Soley-Bori, Marina}
}

@article{pigott2001review,
  title={A review of methods for missing data},
  author={Pigott, Therese D},
  journal={Educational research and evaluation},
  volume={7},
  number={4},
  pages={353--383},
  year={2001},
  publisher={Taylor \& Francis}
}
